@article{Shannon1948,
  author = {Shannon, Claude E.},
  title = {A Mathematical Theory of Communication},
  journal = {Bell System Technical Journal},
  year = {1948},
  volume = {27},
  pages = {379--423, 623--656}
}

@misc{Hinton2023,
  author = {Hinton, Geoffrey},
  title = {On the Need for Maternal Instinct in AI},
  howpublished = {Talks and interviews},
  year = {2023},
  note = {Accessed 2025-08-31}
}
